<?xml version="1.0" encoding="UTF-8"?>
<collection xmlns:xsi="http://www.w3.org/2001/XMLSchema-instance" xsi:schemaLocation="http://www.loc.gov/MARC21/slim http://www.loc.gov/standards/marcxml/schema/MARC21slim.xsd" xmlns="http://www.loc.gov/MARC21/slim">
<record>
  <leader>01074cam a22002651  4500</leader>
  <controlfield tag="001">1142802</controlfield>
  <controlfield tag="003">NNC</controlfield>
  <controlfield tag="005">20050110155201.0</controlfield>
  <controlfield tag="008">870709r19691857iq            000 0 arard</controlfield>
  <datafield tag="010" ind1=" " ind2=" ">
    <subfield code="a">   78961716 </subfield>
  </datafield>
  <datafield tag="035" ind1=" " ind2=" ">
    <subfield code="a">(OCoLC)ocm16151649</subfield>
  </datafield>
  <datafield tag="035" ind1=" " ind2=" ">
    <subfield code="9">AGJ8662CU</subfield>
  </datafield>
  <datafield tag="035" ind1=" " ind2=" ">
    <subfield code="a">(NNC)1142802</subfield>
  </datafield>
  <datafield tag="040" ind1=" " ind2=" ">
    <subfield code="a">WAU</subfield>
    <subfield code="c">WAU</subfield>
    <subfield code="d">ZCU</subfield>
  </datafield>
  <datafield tag="043" ind1=" " ind2=" ">
    <subfield code="a">e-it---</subfield>
  </datafield>
  <datafield tag="090" ind1=" " ind2=" ">
    <subfield code="a">DG867.11</subfield>
    <subfield code="b">.A42</subfield>
  </datafield>
  <datafield tag="100" ind1="1" ind2=" ">
    <subfield code="a">Amari, Michele,</subfield>
    <subfield code="d">1806-1889.</subfield>
  </datafield>
  <datafield tag="245" ind1="1" ind2="3">
    <subfield code="a">al-Maktabah al-ʻArabīyah al-Ṣiqillīyah,</subfield>
    <subfield code="b">nuṣūṣ fī al-tārīkh wa-al-buldān wa-al-tarājim wa-al-marājiʻ</subfield>
    <subfield code="c">jamaʻahā wa-haqqaqahā Mīkhāʾīl Amārī.</subfield>
  </datafield>
  <datafield tag="260" ind1=" " ind2=" ">
    <subfield code="a">Baghdād :</subfield>
    <subfield code="b">Maktabat al-Muthanná</subfield>
    <subfield code="c">[1969?]</subfield>
  </datafield>
  <datafield tag="300" ind1=" " ind2=" ">
    <subfield code="a">70, 71, x, 740, 88 p.</subfield>
  </datafield>
  <datafield tag="500" ind1=" " ind2=" ">
    <subfield code="a">Added t . p.: Biblioteca Arabo-Sicula; ossia, Raccolta di testi Arabici che toccano la geografia, la storia, le biografie e la bibliografia della Sicilia. Messi insiemi da Michele Amari.</subfield>
  </datafield>
  <datafield tag="500" ind1=" " ind2=" ">
    <subfield code="a">Reprint of the ed. published in Leipzig, 1857-75.</subfield>
  </datafield>
  <datafield tag="651" ind1=" " ind2="0">
    <subfield code="a">Sicily (Italy)</subfield>
    <subfield code="x">History</subfield>
    <subfield code="v">Sources.</subfield>
  </datafield>
  <datafield tag="650" ind1=" " ind2="0">
    <subfield code="a">Arabs</subfield>
    <subfield code="z">Italy</subfield>
    <subfield code="z">Sicily.</subfield>
  </datafield>
  <datafield tag="955" ind1=" " ind2=" ">
    <subfield code="b">0315080099</subfield>
    <subfield code="d">glx</subfield>
    <subfield code="e">DG867.11 .A42</subfield>
  </datafield>
</record>
</collection>